
@inproceedings{Ducy,
	author = {Karunathilake, Thenuka and Udugama, Asanga and FÃ¶rster, Anna},
	booktitle = {2021 Twelfth International Conference on Ubiquitous and Future
	             Networks (ICUFN)},
	title = {LoRa-DuCy: Duty Cycling for LoRa-Enabled Internet of Things Devices},
	year = {2021},
	volume = {},
	number = {},
	pages = {283-288},
	keywords = {Wireless sensor networks;Power demand;Network topology;Access
	            protocols;Logic gates;Topology;Internet of Things},
	doi = {10.1109/ICUFN49451.2021.9528805},
}

@inproceedings{TSMP,
	title = {TSMP: TIME SYNCHRONIZED MESH PROTOCOL},
	author = {Kristofer S. J. Pister and Lance Doherty and Dust Networks},
	year = {2008},
	url = {https://api.semanticscholar.org/CorpusID:14031058},
}

@inproceedings{GradientClock,
	author = {Sommer, Philipp and Wattenhofer, Roger},
	booktitle = {2009 International Conference on Information Processing in Sensor
	             Networks},
	title = {Gradient clock synchronization in wireless sensor networks},
	year = {2009},
	volume = {},
	number = {},
	pages = {37-48},
	keywords = {Clocks;Synchronization;Wireless sensor networks;Protocols;Computer
	            networks;Acoustic sensors;Hardware;Laboratories;Network
	            topology;Testing},
	doi = {},
}
